@article{knight-2012-multis,
  author =	 {Chris Knight and Gerrick E. Lindberg and Gregory
                  A. Voth},
  title =	 {Multiscale Reactive Molecular Dynamics},
  journal =	 {The Journal of Chemical Physics},
  volume =	 137,
  number =	 22,
  pages =	 {22A525},
  year =	 2012,
  doi =		 {10.1063/1.4743958},
  url =		 {http://dx.doi.org/10.1063/1.4743958},
  date_added =	 {Mon Nov 16 19:17:53 2015},
}

@article{brenner-2002-rebo,
  author =	 {Donald W Brenner and Olga A Shenderova and Judith A
                  Harrison and Steven J Stuart and Boris Ni and Susan
                  B Sinnott},
  title =	 {A Second-Generation Reactive Empirical Bond Order
                  (REBO) Potential Energy Expression for Hydrocarbons},
  journal =	 {Journal of Physics: Condensed Matter},
  volume =	 14,
  number =	 4,
  pages =	 {783-802},
  year =	 2002,
  doi =		 {10.1088/0953-8984/14/4/312},
  url =		 {http://dx.doi.org/10.1088/0953-8984/14/4/312},
  date_added =	 {Mon Nov 16 19:18:33 2015},
}

@article{devanathan-2007-atomis-simul,
  author =	 {R. Devanathan and A. Venkatnathan and M. Dupuis},
  title =	 {Atomistic Simulation of Nafion Membrane: I. Effect
                  of Hydration on Membrane Nanostructure},
  journal =	 {The Journal of Physical Chemistry B},
  volume =	 111,
  number =	 28,
  pages =	 {8069-8079},
  year =	 2007,
  doi =		 {10.1021/jp0726992},
  url =		 {http://dx.doi.org/10.1021/jp0726992},
  date_added =	 {Mon Nov 16 19:55:41 2015},
}

