@article{devnathan2007,
  author = {R. Devanathan and A. Venkatnathan and M. Dupuis},
  title = {Atomistic Simulation of Nafion Membrane:  I. Effect of Hydration on Membrane Nanostructure},
  DATE_ADDED = 	 {Wed Dec 16 19:00:05 2015},
  journal = {The Journal of Physical Chemistry B},
  year = {2007},
  volume = {111},
  number = {28},
  pages = {8069-8079},
  doi = {10.1021/jp0726992},
  url = {http://dx.doi.org/10.1021/jp0726992},
}


@article{schmitt1999,
  author = {Udo W. Schmitt and Gregory A. Voth},
  title = {The computer simulation of proton transport in water},
  DATE_ADDED = 	 {Wed Dec 16 18:57:57 2015},
  journal = {The Journal of Chemical Physics},
  year = {1999},
  volume = {111},
  number = {20},
  pages = {9361},
  doi = {10.1063/1.480032},
  url = {http://dx.doi.org/10.1063/1.480032},
}

@article{voth2011,
  author = {Shulu Feng and Gregory A. Voth},
  title = {Proton Solvation and Transport in Hydrated Nafion},
  DATE_ADDED = 	 {Wed Dec 16 18:58:55 2015},
  journal = {The Journal of Physical Chemistry B},
  year = {2011},
  volume = {115},
  number = {19},
  pages = {5903-5912},
  doi = {10.1021/jp2002194},
  url = {http://dx.doi.org/10.1021/jp2002194},
}
