@article{skoulidas-2002-rapid-trans,
  author =	 {Anastasios I. Skoulidas and David M. Ackerman and
                  J. Karl Johnson and David S. Sholl},
  title =	 {Rapid Transport of Gases in Carbon Nanotubes},
  journal =	 {Phys. Rev. Lett.},
  volume =	 89,
  number =	 18,
  pages =	 {nil},
  year =	 2002,
  doi =		 {10.1103/physrevlett.89.185901},
  url =		 {http://dx.doi.org/10.1103/PhysRevLett.89.185901},
  date_added =	 {Tue Sep 15 01:52:28 2015},
}

@article{veld-2007-applic-ewald,
  author =	 {Pieter J. in 't Veld and Ahmed E. Ismail and Gary
                  S. Grest},
  title =	 {Application of Ewald Summations To Long-Range
                  Dispersion Forces},
  journal =	 {The Journal of Chemical Physics},
  volume =	 127,
  number =	 14,
  pages =	 144711,
  year =	 2007,
  doi =		 {10.1063/1.2770730},
  url =		 {http://dx.doi.org/10.1063/1.2770730},
  date_added =	 {Tue Sep 15 11:07:30 2015},
}

